<marc:record xmlns:marc="http://www.loc.gov/MARC21/slim" xmlns:xsi="http://www.w3.org/2001/XMLSchema-instance" xsi:schemaLocation="http://www.loc.gov/MARC21/slim http://www.loc.gov/standards/marcxml/schema/MARC21slim.xsd">
  <marc:leader>     nam a2200301 a 45M</marc:leader>
  <marc:controlfield tag="001">001700640</marc:controlfield>
  <marc:controlfield tag="003">NNU</marc:controlfield>
  <marc:controlfield tag="005">20061010171212.0</marc:controlfield>
  <marc:controlfield tag="008">010207s1931    ua            000 0bara d</marc:controlfield>
  <marc:datafield tag="035" ind1="9" ind2=" ">
    <marc:subfield code="a">NYUb12249211</marc:subfield>
  </marc:datafield>
  <marc:datafield tag="035" ind1=" " ind2=" ">
    <marc:subfield code="a">(CStRLIN)NYUG01-B743</marc:subfield>
  </marc:datafield>
  <marc:datafield tag="040" ind1=" " ind2=" ">
    <marc:subfield code="a">NjP</marc:subfield>
    <marc:subfield code="c">NjP</marc:subfield>
    <marc:subfield code="d">NNU</marc:subfield>
  </marc:datafield>
  <marc:datafield tag="043" ind1=" " ind2=" ">
    <marc:subfield code="a">a-su---</marc:subfield>
  </marc:datafield>
  <marc:datafield tag="066" ind1=" " ind2=" ">
    <marc:subfield code="c">(3</marc:subfield>
  </marc:datafield>
  <marc:datafield tag="090" ind1=" " ind2=" ">
    <marc:subfield code="a">BP135.A2</marc:subfield>
    <marc:subfield code="b">.A3</marc:subfield>
  </marc:datafield>
  <marc:datafield tag="100" ind1="1" ind2=" ">
    <marc:subfield code="a">Ibn Taymīyah, ʻAbd al-Salām ibn ʻAbd Allāh,</marc:subfield>
    <marc:subfield code="d">1193 or 4-1254 or 5</marc:subfield>
    <marc:subfield code="6">01</marc:subfield>
  </marc:datafield>
  <marc:datafield tag="100" ind1="1" ind2=" ">
    <marc:subfield code="6">01</marc:subfield>
    <marc:subfield code="a">ابن تيمية، عبدالسلام ابن عبدالله.</marc:subfield>
  </marc:datafield>
  <marc:datafield tag="245" ind1="1" ind2="3">
    <marc:subfield code="6">02</marc:subfield>
    <marc:subfield code="a">al-Muntaqá min akhbār al-Muṣṭafá /</marc:subfield>
    <marc:subfield code="c">li-Majd al-Dīn Abī al-Barakāt ʻAbd al-Salām ibn Taymīyah al-Ḥarrānī ; waqafa ʻalá taṣḥīḥihi wa-ʻallaqa hawāmishahu Muḥammad Ḥāmid al-Fiqī.</marc:subfield>
  </marc:datafield>
  <marc:datafield tag="245" ind1="1" ind2="2">
    <marc:subfield code="6">02</marc:subfield>
    <marc:subfield code="a">المنبقى من اخبار المصطفى /</marc:subfield>
    <marc:subfield code="c">لمجدالدين ابى البركات عبدالسلام بن بيمية الحرانى ; وقف على بصحيحه وعلق خوامشه محمد حامد الفقى.</marc:subfield>
  </marc:datafield>
  <marc:datafield tag="250" ind1=" " ind2=" ">
    <marc:subfield code="6">03</marc:subfield>
    <marc:subfield code="a">al-Ṭabʻah 1.</marc:subfield>
  </marc:datafield>
  <marc:datafield tag="250" ind1=" " ind2=" ">
    <marc:subfield code="6">03</marc:subfield>
    <marc:subfield code="a">الطبعة ١.</marc:subfield>
  </marc:datafield>
  <marc:datafield tag="260" ind1=" " ind2=" ">
    <marc:subfield code="6">04</marc:subfield>
    <marc:subfield code="a">Miṣr :</marc:subfield>
    <marc:subfield code="b">al-Maktabah al-Tijārīyah al-Kubrá,</marc:subfield>
    <marc:subfield code="c">1931</marc:subfield>
  </marc:datafield>
  <marc:datafield tag="260" ind1=" " ind2=" ">
    <marc:subfield code="6">04</marc:subfield>
    <marc:subfield code="a">مصر :</marc:subfield>
    <marc:subfield code="b">المكتبة التجارية الكبرى،</marc:subfield>
    <marc:subfield code="c">١٩٣١</marc:subfield>
  </marc:datafield>
  <marc:datafield tag="300" ind1=" " ind2=" ">
    <marc:subfield code="a">2 v. ;</marc:subfield>
    <marc:subfield code="c">25 cm.</marc:subfield>
  </marc:datafield>
  <marc:datafield tag="600" ind1="0" ind2="0">
    <marc:subfield code="a">Muḥammad,</marc:subfield>
    <marc:subfield code="c">Prophet,</marc:subfield>
    <marc:subfield code="d">d. 632</marc:subfield>
    <marc:subfield code="v">Biography</marc:subfield>
    <marc:subfield code="v">Early works to 1800.</marc:subfield>
  </marc:datafield>
  <marc:datafield tag="650" ind1=" " ind2="0">
    <marc:subfield code="a">Muslims</marc:subfield>
    <marc:subfield code="z">Saudi Arabia</marc:subfield>
    <marc:subfield code="z">Mecca</marc:subfield>
    <marc:subfield code="v">Biography</marc:subfield>
    <marc:subfield code="v">Early works to 1800.</marc:subfield>
  </marc:datafield>
  <marc:datafield tag="700" ind1="1" ind2=" ">
    <marc:subfield code="a">Fiqī, Muḥammad Ḥāmid</marc:subfield>
    <marc:subfield code="6">05</marc:subfield>
  </marc:datafield>
  <marc:datafield tag="700" ind1="1" ind2=" ">
    <marc:subfield code="6">05</marc:subfield>
    <marc:subfield code="a">فقى، محمد حامد.</marc:subfield>
  </marc:datafield>
  <marc:datafield tag="998" ind1=" " ind2=" ">
    <marc:subfield code="a">20010207</marc:subfield>
    <marc:subfield code="d">20010207</marc:subfield>
    <marc:subfield code="d">20040331</marc:subfield>
    <marc:subfield code="n">NNU</marc:subfield>
    <marc:subfield code="s">1</marc:subfield>
    <marc:subfield code="t">c</marc:subfield>
    <marc:subfield code="z">p</marc:subfield>
  </marc:datafield>
</marc:record>
